@inproceedings {2011-nsdi-rdd,
author = {Matei Zaharia and Mosharaf Chowdhury and Tathagata Das and Ankur Dave and Justin Ma and Murphy McCauly and Michael J. Franklin and Scott Shenker and Ion Stoica},
title = {Resilient Distributed Datasets: A Fault-Tolerant Abstraction for In-Memory Cluster Computing},
booktitle = {Presented as part of the 9th {USENIX} Symposium on Networked Systems Design and Implementation ({NSDI} 12)},
year = {2012},
isbn = {978-931971-92-8},
address = {San Jose, CA},
pages = {15--28},
url = {https://www.usenix.org/conference/nsdi12/technical-sessions/presentation/zaharia},
publisher = {{USENIX}},
}

@inproceedings{2013-hotos-tiny-tasks,
 author = {Ousterhout, Kay and Panda, Aurojit and Rosen, Joshua and Venkataraman, Shivaram and Xin, Reynold and Ratnasamy, Sylvia and Shenker, Scott and Stoica, Ion},
 title = {The Case for Tiny Tasks in Compute Clusters},
 booktitle = {Proceedings of the 14th USENIX Conference on Hot Topics in Operating Systems},
 series = {HotOS'13},
 year = {2013},
 location = {Santa Ana Pueblo, New Mexcio},
 pages = {14--14},
 numpages = {1},
 url = {http://dl.acm.org/citation.cfm?id=2490483.2490497},
 acmid = {2490497},
 publisher = {USENIX Association},
 address = {Berkeley, CA, USA},
} 


@inproceedings{2015-sosp-sparrow,
 author = {Ousterhout, Kay and Wendell, Patrick and Zaharia, Matei and Stoica, Ion},
 title = {Sparrow: Distributed, Low Latency Scheduling},
 booktitle = {Proceedings of the Twenty-Fourth ACM Symposium on Operating Systems Principles},
 series = {SOSP '13},
 year = {2013},
 isbn = {978-1-4503-2388-8},
 location = {Farminton, Pennsylvania},
 pages = {69--84},
 numpages = {16},
 url = {http://doi.acm.org/10.1145/2517349.2522716},
 doi = {10.1145/2517349.2522716},
 acmid = {2522716},
 publisher = {ACM},
 address = {New York, NY, USA},
} 

@inproceedings{2016-atc-rdma,
 author = {Kalia, Anuj and Kaminsky, Michael and Andersen, David G.},
 title = {Design Guidelines for High Performance RDMA Systems},
 booktitle = {Proceedings of the 2016 USENIX Conference on Usenix Annual Technical Conference},
 series = {USENIX ATC '16},
 year = {2016},
 isbn = {978-1-931971-30-0},
 location = {Denver, CO, USA},
 pages = {437--450},
 numpages = {14},
 url = {http://dl.acm.org/citation.cfm?id=3026959.3027000},
 acmid = {3027000},
 publisher = {USENIX Association},
 address = {Berkeley, CA, USA},
} 


@misc{2018-apache-spark,  
  title = {{Apache Spark - Lightning-fast cluster computing}},
  howpublished = "\url{https://spark.apache.org/}",
  year = {2018}, 
  note = "[Online; accessed Mar-2018]"
}

@misc{2018-github-darpc,  
  title = {{DaRPC: Data Center Remote Procedure Call}},
  howpublished = "\url{https://github.com/zrlio/darpc}",
  year = {2018}, 
  note = "[Online; accessed Mar-2018]"
}

@inproceedings{2016-osdi-warmjvm,
 author = {Lion, David and Chiu, Adrian and Sun, Hailong and Zhuang, Xin and Grcevski, Nikola and Yuan, Ding},
 title = {Don'T Get Caught in the Cold, Warm-up Your JVM: Understand and Eliminate JVM Warm-up Overhead in Data-parallel Systems},
 booktitle = {Proceedings of the 12th USENIX Conference on Operating Systems Design and Implementation},
 series = {OSDI'16},
 year = {2016},
 isbn = {978-1-931971-33-1},
 location = {Savannah, GA, USA},
 pages = {383--400},
 numpages = {18},
 url = {http://dl.acm.org/citation.cfm?id=3026877.3026907},
 acmid = {3026907},
 publisher = {USENIX Association},
 address = {Berkeley, CA, USA},
} 


@inproceedings{2017-atc-nimbus,
 author = {Mashayekhi, Omid and Qu, Hang and Shah, Chinmayee and Levis, Philip},
 title = {Execution Templates: Caching Control Plane Decisions for Strong Scaling of Data Analytics},
 booktitle = {Proceedings of the 2017 USENIX Conference on Usenix Annual Technical Conference},
 series = {USENIX ATC '17},
 year = {2017},
 isbn = {978-1-931971-38-6},
 location = {Santa Clara, CA, USA},
 pages = {513--526},
 numpages = {14},
 url = {http://dl.acm.org/citation.cfm?id=3154690.3154739},
 acmid = {3154739},
 publisher = {USENIX Association},
 address = {Berkeley, CA, USA},
} 

@inproceedings{2015-eurosys-borg,
 author = {Verma, Abhishek and Pedrosa, Luis and Korupolu, Madhukar and Oppenheimer, David and Tune, Eric and Wilkes, John},
 title = {Large-scale Cluster Management at Google with Borg},
 booktitle = {Proceedings of the Tenth European Conference on Computer Systems},
 series = {EuroSys '15},
 year = {2015},
 isbn = {978-1-4503-3238-5},
 location = {Bordeaux, France},
 pages = {18:1--18:17},
 articleno = {18},
 numpages = {17},
 url = {http://doi.acm.org/10.1145/2741948.2741964},
 doi = {10.1145/2741948.2741964},
 acmid = {2741964},
 publisher = {ACM},
 address = {New York, NY, USA},
} 


@inproceedings{2013-eurosys-omega,
 author = {Schwarzkopf, Malte and Konwinski, Andy and Abd-El-Malek, Michael and Wilkes, John},
 title = {Omega: Flexible, Scalable Schedulers for Large Compute Clusters},
 booktitle = {Proceedings of the 8th ACM European Conference on Computer Systems},
 series = {EuroSys '13},
 year = {2013},
 isbn = {978-1-4503-1994-2},
 location = {Prague, Czech Republic},
 pages = {351--364},
 numpages = {14},
 url = {http://doi.acm.org/10.1145/2465351.2465386},
 doi = {10.1145/2465351.2465386},
 acmid = {2465386},
 publisher = {ACM},
 address = {New York, NY, USA},
 keywords = {cluster scheduling, optimistic concurrency control},
} 

@inproceedings{2016-osdi-firm,
 author = {Gog, Ionel and Schwarzkopf, Malte and Gleave, Adam and Watson, Robert N. M. and Hand, Steven},
 title = {Firmament: Fast, Centralized Cluster Scheduling at Scale},
 booktitle = {Proceedings of the 12th USENIX Conference on Operating Systems Design and Implementation},
 series = {OSDI'16},
 year = {2016},
 isbn = {978-1-931971-33-1},
 location = {Savannah, GA, USA},
 pages = {99--115},
 numpages = {17},
 url = {http://dl.acm.org/citation.cfm?id=3026877.3026886},
 acmid = {3026886},
 publisher = {USENIX Association},
 address = {Berkeley, CA, USA},
} 

@inproceedings{2017-atc-lowlat,
 author = {Chen, Wei and Rao, Jia and Zhou, Xiaobo},
 title = {Preemptive, Low Latency Datacenter Scheduling via Lightweight Virtualization},
 booktitle = {Proceedings of the 2017 USENIX Conference on Usenix Annual Technical Conference},
 series = {USENIX ATC '17},
 year = {2017},
 isbn = {978-1-931971-38-6},
 location = {Santa Clara, CA, USA},
 pages = {251--263},
 numpages = {13},
 url = {http://dl.acm.org/citation.cfm?id=3154690.3154714},
 acmid = {3154714},
 publisher = {USENIX Association},
 address = {Berkeley, CA, USA},
} 

@inproceedings{2017-hotos-runtime,
 author = {Maas, Martin and Asanovi\'{c}, Krste and Kubiatowicz, John},
 title = {Return of the Runtimes: Rethinking the Language Runtime System for the Cloud 3.0 Era},
 booktitle = {Proceedings of the 16th Workshop on Hot Topics in Operating Systems},
 series = {HotOS '17},
 year = {2017},
 isbn = {978-1-4503-5068-6},
 location = {Whistler, BC, Canada},
 pages = {138--143},
 numpages = {6},
 url = {http://doi.acm.org/10.1145/3102980.3103003},
 doi = {10.1145/3102980.3103003},
 acmid = {3103003},
 publisher = {ACM},
 address = {New York, NY, USA},
 keywords = {Cloud 3.0, Data Centers, FPGAs, Garbage Collection, JIT Compilation, Managed Language Runtime Systems, Platform-as-a-Service, Resource Disaggregation, Serverless Computing},
} 


@inproceedings{2017-sosp-zygos,
 author = {Prekas, George and Kogias, Marios and Bugnion, Edouard},
 title = {ZygOS: Achieving Low Tail Latency for Microsecond-scale Networked Tasks},
 booktitle = {Proceedings of the 26th Symposium on Operating Systems Principles},
 series = {SOSP '17},
 year = {2017},
 isbn = {978-1-4503-5085-3},
 location = {Shanghai, China},
 pages = {325--341},
 numpages = {17},
 url = {http://doi.acm.org/10.1145/3132747.3132780},
 doi = {10.1145/3132747.3132780},
 acmid = {3132780},
 publisher = {ACM},
 address = {New York, NY, USA},
 keywords = {Microsecond-scale computing, Tail latency},
} 


@inproceedings{2014-socc-darpc,
 author = {Stuedi, Patrick and Trivedi, Animesh and Metzler, Bernard and Pfefferle, Jonas},
 title = {DaRPC: Data Center RPC},
 booktitle = {Proceedings of the ACM Symposium on Cloud Computing},
 series = {SOCC '14},
 year = {2014},
 isbn = {978-1-4503-3252-1},
 location = {Seattle, WA, USA},
 pages = {15:1--15:13},
 articleno = {15},
 numpages = {13},
 url = {http://doi.acm.org/10.1145/2670979.2670994},
 doi = {10.1145/2670979.2670994},
 acmid = {2670994},
 publisher = {ACM},
 address = {New York, NY, USA},
 keywords = {RDMA, Remote Procedure Call},
} 

@article{2017-killer,
 author = {Barroso, Luiz and Marty, Mike and Patterson, David and Ranganathan, Parthasarathy},
 title = {Attack of the Killer Microseconds},
 journal = {Commun. ACM},
 issue_date = {April 2017},
 volume = {60},
 number = {4},
 month = mar,
 year = {2017},
 issn = {0001-0782},
 pages = {48--54},
 numpages = {7},
 url = {http://doi.acm.org/10.1145/3015146},
 doi = {10.1145/3015146},
 acmid = {3015146},
 publisher = {ACM},
 address = {New York, NY, USA},
} 
